%% This BibTeX bibliography file was created using BibDesk.
%% http://bibdesk.sourceforge.net/

%% Created for Vitali Kapovitch at 2020-09-29 20:03:12 -0400 


%% Saved with string encoding Unicode (UTF-8) 

@book {eliashberg-mishachev,
    AUTHOR = {Eliashberg, Y. and Mishachev, N.},
     TITLE = {Introduction to the {$h$}-principle},
    SERIES = {Graduate Studies in Mathematics},
    VOLUME = {48},
 PUBLISHER = {American Mathematical Society, Providence, RI},
      YEAR = {2002},
     PAGES = {xviii+206},
      ISBN = {0-8218-3227-1},
   MRCLASS = {53D99 (57R17 58E99)},
  MRNUMBER = {1909245},
MRREVIEWER = {John B. Etnyre},
       DOI = {10.1090/gsm/048},
       URL = {https://doi.org/10.1090/gsm/048},
}
			
@article{Bryant,
	Author = {Bryant, Robert},
	Journal = {https://mathoverflow.net/questions/209618/existence-of-totally-geodesic-hypersurfaces},
	Title = {},
	Year = {2020}}


@article {Wilhelm,
    AUTHOR = {Murphy, Thomas and Wilhelm, Frederick},
     TITLE = {Random manifolds have no totally geodesic submanifolds},
   JOURNAL = {Michigan Math. J.},
  FJOURNAL = {Michigan Mathematical Journal},
    VOLUME = {68},
      YEAR = {2019},
    NUMBER = {2},
     PAGES = {323--335},
      ISSN = {0026-2285},
   MRCLASS = {53C20 (53A99 53C40)},
  MRNUMBER = {3961219},
MRREVIEWER = {Yun Tao Zhang},
       DOI = {10.1307/mmj/1555034652},
       URL = {https://doi.org/10.1307/mmj/1555034652},
}





@article{LW-iso,
	Author = {A. Lytchak and S. Wenger},
	Title = {Isoperimetric characterization of upper curvature bounds},
	Journal = {Acta Math.},
	FJOURNAL = {Acta Mathematica},
    VOLUME = {221},
      YEAR = {2018},
      }

@book {Gigli,
    AUTHOR = {Ambrosio, Luigi and Gigli, Nicola and Savar\'{e}, Giuseppe},
     TITLE = {Gradient flows in metric spaces and in the space of
              probability measures},
    SERIES = {Lectures in Mathematics ETH Z\"{u}rich},
 PUBLISHER = {Birkh\"{a}user Verlag, Basel},
      YEAR = {2005},
     PAGES = {viii+333},
      ISBN = {978-3-7643-2428-5; 3-7643-2428-7},
   MRCLASS = {49-02 (28A33 35K55 35K90 49Q20 60B10)},
  MRNUMBER = {2129498},
}		
			
@article{KL,
	Author = {Kapovitch, V. and Lytchak, A.},
	Journal = {Preprint, https://arxiv.org/abs/2007.01325 },
	Title = {Structure of submetries},
	Year = {2020}}



@article {T,
    AUTHOR = {Taylor, Michael},
     TITLE = {Existence and regularity of isometries},
   JOURNAL = {Trans. Amer. Math. Soc.},
  FJOURNAL = {Transactions of the American Mathematical Society},
    VOLUME = {358},
      YEAR = {2006},
    NUMBER = {6},
     PAGES = {2415--2423},
      ISSN = {0002-9947},
   MRCLASS = {53C21 (35B65 53C42)},
  MRNUMBER = {2204038},
MRREVIEWER = {Federico S\'{a}nchez-Bringas},
       DOI = {10.1090/S0002-9947-06-04090-6},
       URL = {https://doi.org/10.1090/S0002-9947-06-04090-6},
}
		






@article{Kleinjohann,
	Author = {Kleinjohann, Norbert},
	Doi = {10.1007/BF01214610},
	Fjournal = {Mathematische Zeitschrift},
	Issn = {0025-5874},
	Journal = {Math. Z.},
	Mrclass = {49F20 (53C20)},
	Mrnumber = {610214},
	Mrreviewer = {Victor Bangert},
	Number = {3},
	Pages = {327--344},
	Title = {N\"{a}chste {P}unkte in der {R}iemannschen {G}eometrie},
	Url = {https://doi.org/10.1007/BF01214610},
	Volume = {176},
	Year = {1981},
	Bdsk-Url-1 = {https://doi.org/10.1007/BF01214610}}

@book {Gromov,
    AUTHOR = {Gromov, Misha},
     TITLE = {Metric structures for {R}iemannian and non-{R}iemannian
              spaces},
    SERIES = {Modern Birkh\"{a}user Classics},
   EDITION = {English},
      NOTE = {Based on the 1981 French original,
              With appendices by M. Katz, P. Pansu and S. Semmes,
              Translated from the French by Sean Michael Bates},
 PUBLISHER = {Birkh\"{a}user Boston, Inc., Boston, MA},
      YEAR = {2007},
     PAGES = {xx+585},
      ISBN = {978-0-8176-4582-3; 0-8176-4582-9},
   MRCLASS = {53C23 (53-02)},
  MRNUMBER = {2307192},
}
		




@book {Taylor,
    AUTHOR = {Taylor, Michael E.},
     TITLE = {Tools for {PDE}},
    SERIES = {Mathematical Surveys and Monographs},
    VOLUME = {81},
      NOTE = {Pseudodifferential operators, paradifferential operators, and
              layer potentials},
 PUBLISHER = {American Mathematical Society, Providence, RI},
      YEAR = {2000},
     PAGES = {x+257},
      ISBN = {0-8218-2633-6},
   MRCLASS = {35-02 (35A27 35S05 35S50 47G30)},
  MRNUMBER = {1766415},
MRREVIEWER = {Luigi Rodino},
       DOI = {10.1090/surv/081},
       URL = {https://doi.org/10.1090/surv/081},
}

@book {Sine,
    AUTHOR = {Cannarsa, Piermarco and Sinestrari, Carlo},
     TITLE = {Semiconcave functions, {H}amilton-{J}acobi equations, and
              optimal control},
    SERIES = {Progress in Nonlinear Differential Equations and their
              Applications},
    VOLUME = {58},
 PUBLISHER = {Birkh\"{a}user Boston, Inc., Boston, MA},
      YEAR = {2004},
     PAGES = {xiv+304},
      ISBN = {0-8176-4084-3},
   MRCLASS = {49-02 (35F20 49K20 49L20)},
  MRNUMBER = {2041617},
MRREVIEWER = {Pierre Cardaliaguet},
}

@article {Alb1,
    AUTHOR = {Albano, P. and Cannarsa, P. and Nguyen, Khai T. and
              Sinestrari, C.},
     TITLE = {Singular gradient flow of the distance function and homotopy
              equivalence},
   JOURNAL = {Math. Ann.},
  FJOURNAL = {Mathematische Annalen},
    VOLUME = {356},
      YEAR = {2013},
    NUMBER = {1},
     PAGES = {23--43},
      ISSN = {0025-5831},
   MRCLASS = {35D40 (26B25 35A20 35A21 49J52)},
  MRNUMBER = {3038120},
MRREVIEWER = {Luigi Rodino},
       DOI = {10.1007/s00208-012-0835-8},
       URL = {https://doi.org/10.1007/s00208-012-0835-8},
}
	
	

@article {Alb2,
    AUTHOR = {Albano, Paolo},
     TITLE = {On the cut locus of closed sets},
   JOURNAL = {Nonlinear Anal.},
  FJOURNAL = {Nonlinear Analysis. Theory, Methods \& Applications. An
              International Multidisciplinary Journal},
    VOLUME = {125},
      YEAR = {2015},
     PAGES = {398--405},
      ISSN = {0362-546X},
   MRCLASS = {53C22 (26B25 35F20 49J52 53C20 55P10)},
  MRNUMBER = {3373591},
MRREVIEWER = {James J. Hebda},
       DOI = {10.1016/j.na.2015.06.003},
       URL = {https://doi.org/10.1016/j.na.2015.06.003},
}
			
		
		


@article {Mante,
    AUTHOR = {Mantegazza, Carlo and Mennucci, Andrea Carlo},
     TITLE = {Hamilton-{J}acobi equations and distance functions on
              {R}iemannian manifolds},
   JOURNAL = {Appl. Math. Optim.},
  FJOURNAL = {Applied Mathematics and Optimization},
    VOLUME = {47},
      YEAR = {2003},
    NUMBER = {1},
     PAGES = {1--25},
      ISSN = {0095-4616},
   MRCLASS = {49L20 (49Q15 53C22)},
  MRNUMBER = {1941909},
MRREVIEWER = {Pierre Cardaliaguet},
       DOI = {10.1007/s00245-002-0736-4},
       URL = {https://doi.org/10.1007/s00245-002-0736-4},
}

	
@misc{Ghomi,
      title={Total curvature and the isoperimetric inequality in Cartan-Hadamard manifolds}, 
      author={Mohammad Ghomi and Joel Spruck},
      year={2020},
      eprint={1908.09814},
      archivePrefix={arXiv},
      primaryClass={math.DG}
}



@article{AKP,
	Author = {Alexander, S. and Kapovitch, V. and Petrunin, A.},
	Journal = {Preprint, https://arxiv.org/abs/1903.08539},
	Title = {Alexandrov geometry},
	Year = {2019}}


@unpublished{Lytchak-Nagano18,
	Author = {Lytchak, Alexander and Nagano, Koichi},
	Date-Added = {2020-09-29 20:03:05 -0400},
	Date-Modified = {2020-09-29 20:03:05 -0400},
	Note = {arXiv:1804.05189},
	Title = {Geodesically complete spaces with an upper curvature bound},
	Year = {2018}}

@unpublished{Nik-synge,
	Author = {Nikolaev, I. G.},
	Date-Added = {2020-09-28 20:15:44 -0400},
	Date-Modified = {2020-09-28 20:19:27 -0400},
	Note = {preprint (Russian)},
	Title = {The {S}ynge's  formula  for  geodesic variations in a space of bounded curvature by {A}.  {D}. {A}leksandrov},
	Year = {1988}}

@article{Nik-closure,
	Author = {Nikolaev, I. G.},
	Date-Added = {2020-09-28 20:14:50 -0400},
	Date-Modified = {2020-09-28 20:14:59 -0400},
	Doi = {10.1090/S0273-0979-1991-15980-X},
	Fjournal = {American Mathematical Society. Bulletin. New Series},
	Issn = {0273-0979},
	Journal = {Bull. Amer. Math. Soc. (N.S.)},
	Mrclass = {53C23},
	Mrnumber = {1056559},
	Mrreviewer = {Karsten Grove},
	Number = {1},
	Pages = {171--177},
	Title = {Bounded curvature closure of the set of compact {R}iemannian manifolds},
	Url = {https://doi-org.myaccess.library.utoronto.ca/10.1090/S0273-0979-1991-15980-X},
	Volume = {24},
	Year = {1991},
	Bdsk-Url-1 = {https://doi-org.myaccess.library.utoronto.ca/10.1090/S0273-0979-1991-15980-X},
	Bdsk-Url-2 = {https://doi.org/10.1090/S0273-0979-1991-15980-X}}

@misc{Bamler-Kleiner,
	Archiveprefix = {arXiv},
	Author = {Richard H. Bamler and Bruce Kleiner},
	Date-Added = {2020-08-16 22:24:38 -0400},
	Date-Modified = {2020-08-16 22:25:07 -0400},
	Eprint = {1709.04122},
	Primaryclass = {math.DG},
	Title = {Uniqueness and stability of Ricci flow through singularities},
	Year = {2017}}

@article{Koch-Lamm,
	Author = {Koch, Herbert and Lamm, Tobias},
	Date-Added = {2020-08-16 16:51:44 -0400},
	Date-Modified = {2020-08-16 16:51:53 -0400},
	Fjournal = {Academy of Sciences of the Czech Republic. Mathematical Institute. Mathematica Bohemica},
	Issn = {0862-7959},
	Journal = {Math. Bohem.},
	Mrclass = {35K59 (35B30 35K90)},
	Mrnumber = {3432546},
	Number = {4},
	Pages = {457--477},
	Title = {Parabolic equations with rough data},
	Volume = {140},
	Year = {2015}}

@article{Kap-Ricci,
	Author = {Kapovitch, Vitali},
	Date-Added = {2020-08-16 16:42:17 -0400},
	Date-Modified = {2020-08-16 16:42:29 -0400},
	Fjournal = {Illinois Journal of Mathematics},
	Issn = {0019-2082},
	Journal = {Illinois J. Math.},
	Mrclass = {53C44 (53C21)},
	Mrnumber = {2157378},
	Mrreviewer = {Xi Zhang},
	Number = {1},
	Pages = {259--263},
	Title = {Curvature bounds via {R}icci smoothing},
	Url = {http://projecteuclid.org.myaccess.library.utoronto.ca/euclid.ijm/1258138317},
	Volume = {49},
	Year = {2005},
	Bdsk-Url-1 = {http://projecteuclid.org.myaccess.library.utoronto.ca/euclid.ijm/1258138317}}

@article{BMR-Ricci,
	Author = {Bemelmans, J. and Min-Oo and Ruh, E. A.},
	Coden = {MAZEAX},
	Date-Added = {2020-08-16 16:14:08 -0400},
	Date-Modified = {2020-08-16 16:14:27 -0400},
	Fjournal = {Mathematische Zeitschrift},
	Issn = {0025-5874},
	Journal = {Math. Z.},
	Mrclass = {58G30 (53C21 58G11)},
	Mrnumber = {85m:58184},
	Mrreviewer = {Dennis M. DeTurck},
	Number = {1},
	Pages = {69--74},
	Title = {Smoothing {R}iemannian metrics},
	Volume = {188},
	Year = {1984}}

@article{Shi,
	Author = {Shi, W.-X.},
	Date-Added = {2020-08-16 16:08:42 -0400},
	Date-Modified = {2020-08-16 16:08:42 -0400},
	Fjournal = {Journal of Differential Geometry},
	Journal = {J. Differential Geom.},
	Number = {1},
	Pages = {223--301},
	Title = {Deforming the metric on complete {R}iemannian manifolds},
	Volume = {30},
	Year = {1989}}

@article{Ham,
	Author = {Hamilton, R. S.},
	Date-Added = {2020-08-16 16:07:32 -0400},
	Date-Modified = {2020-08-16 16:07:44 -0400},
	Fjournal = {Journal of Differential Geometry},
	Journal = {J. Differential Geom.},
	Number = {2},
	Pages = {255--306},
	Title = {Three-manifolds with positive {R}icci curvature},
	Volume = {17},
	Year = {1982}}

@article{Nik2,
	Author = {Nikolaev, I. G.},
	Date-Added = {2020-08-08 20:17:15 -0400},
	Date-Modified = {2020-08-08 20:17:15 -0400},
	Journal = {Sibirsk. Mat. Zh.},
	Number = 2,
	Pages = {114--132},
	Title = {Smoothness of the metric of spaces with bilaterally bounded curvature in the sense of {A}. {D}. {A}leksandrov},
	Volume = 24,
	Year = 1983}

@article{Simon,
	Author = {Simon, Miles},
	Date-Added = {2020-05-01 20:32:59 -0400},
	Date-Modified = {2020-05-01 20:33:07 -0400},
	Doi = {10.4310/CAG.2002.v10.n5.a7},
	Fjournal = {Communications in Analysis and Geometry},
	Issn = {1019-8385},
	Journal = {Comm. Anal. Geom.},
	Mrclass = {53C44},
	Mrnumber = {1957662},
	Mrreviewer = {Peng Lu},
	Number = {5},
	Pages = {1033--1074},
	Title = {Deformation of {$C^0$} {R}iemannian metrics in the direction of their {R}icci curvature},
	Url = {https://doi-org.myaccess.library.utoronto.ca/10.4310/CAG.2002.v10.n5.a7},
	Volume = {10},
	Year = {2002},
	Bdsk-Url-1 = {https://doi-org.myaccess.library.utoronto.ca/10.4310/CAG.2002.v10.n5.a7},
	Bdsk-Url-2 = {https://doi.org/10.4310/CAG.2002.v10.n5.a7}}

@article{Han-improved-bochner,
	Author = {Han, Bang-Xian},
	Date-Added = {2020-05-01 20:29:46 -0400},
	Date-Modified = {2020-05-01 20:30:05 -0400},
	Doi = {10.1007/s12220-017-9863-7},
	Fjournal = {Journal of Geometric Analysis},
	Issn = {1050-6926},
	Journal = {J. Geom. Anal.},
	Mrclass = {53C23 (30L05 31E05 49J52 51F99 53C21)},
	Mrnumber = {3790501},
	Mrreviewer = {Fernando Galaz-Garc\'{\i}a},
	Number = {2},
	Pages = {1295--1314},
	Title = {Ricci tensor on {${\rm RCD}^*(K,N)$} spaces},
	Url = {https://doi-org.myaccess.library.utoronto.ca/10.1007/s12220-017-9863-7},
	Volume = {28},
	Year = {2018},
	Bdsk-Url-1 = {https://doi-org.myaccess.library.utoronto.ca/10.1007/s12220-017-9863-7},
	Bdsk-Url-2 = {https://doi.org/10.1007/s12220-017-9863-7}}

@unpublished{Kap-Kell-Ket-19,
	Author = {Kapovitch, Vitali and Kell, Martin and Ketterer, Christian},
	Date-Added = {2020-05-01 20:21:53 -0400},
	Date-Modified = {2020-05-01 20:21:53 -0400},
	Note = {arXiv:1908.07036},
	Title = {On the structure of {RCD} spaces with upper curvature bounds},
	Year = {2019}}

@article{Sabitov-smooth,
	Author = {Sabitov, I. Kh.},
	Date-Modified = {2020-08-16 16:54:45 -0400},
	Doi = {10.1007/BF00975178},
	Fjournal = {Rossi\u{\i}skaya Akademiya Nauk. Sibirskoe Otdelenie. Institut Matematiki im. S. L. Soboleva. Sibirski\u{\i} Matematicheski\u{\i} Zhurnal},
	Issn = {0037-4474},
	Journal = {Sibirsk. Mat. Zh.},
	Mrclass = {53B21},
	Mrnumber = {1248802},
	Mrreviewer = {V. Oproiu},
	Number = {4},
	Pages = {169--176, iv, x},
	Title = {On the smoothness of isometries},
	Url = {https://doi.org/10.1007/BF00975178},
	Volume = {34},
	Year = {1993},
	Bdsk-Url-1 = {https://doi.org/10.1007/BF00975178}}

@article{Honda,
	Author = {Honda, Shouhei},
	Doi = {10.2140/gt.2014.18.633},
	Fjournal = {Geometry \& Topology},
	Issn = {1465-3060},
	Journal = {Geom. Topol.},
	Mrclass = {53C23 (53C20 53C21)},
	Mrnumber = {3180482},
	Mrreviewer = {Thomas Z\"{u}rcher},
	Number = {2},
	Pages = {633--668},
	Title = {A weakly second-order differential structure on rectifiable metric measure spaces},
	Url = {https://doi.org/10.2140/gt.2014.18.633},
	Volume = {18},
	Year = {2014},
	Bdsk-Url-1 = {https://doi.org/10.2140/gt.2014.18.633}}

@incollection{Ber-Nik,
	Author = {Berestovskij, V. N. and Nikolaev, I. G.},
	Booktitle = {Geometry, {IV}},
	Doi = {10.1007/978-3-662-02897-1_2},
	Mrclass = {53C20},
	Mrnumber = {1263965},
	Pages = {165--243, 245--250},
	Publisher = {Springer, Berlin},
	Series = {Encyclopaedia Math. Sci.},
	Title = {Multidimensional generalized {R}iemannian spaces},
	Url = {https://doi.org/10.1007/978-3-662-02897-1_2},
	Volume = {70},
	Year = {1993},
	Bdsk-Url-1 = {https://doi.org/10.1007/978-3-662-02897-1_2}}

@article{Per-soul,
	Author = {Perelman, G.},
	Fjournal = {Journal of Differential Geometry},
	Issn = {0022-040X},
	Journal = {J. Differential Geom.},
	Mrclass = {53C20},
	Mrnumber = {1285534},
	Mrreviewer = {Gerard Walschap},
	Number = {1},
	Pages = {209--212},
	Title = {Proof of the soul conjecture of {C}heeger and {G}romoll},
	Url = {http://projecteuclid.org/euclid.jdg/1214455292},
	Volume = {40},
	Year = {1994},
	Bdsk-Url-1 = {http://projecteuclid.org/euclid.jdg/1214455292}}

@article{Rataj,
	Author = {Rataj, Jan and Zaj\'{\i}\v{c}ek, Lud\v{e}k},
	Doi = {10.1002/mana.201600237},
	Fjournal = {Mathematische Nachrichten},
	Issn = {0025-584X},
	Journal = {Math. Nachr.},
	Mrclass = {58A05 (26B25 52A30)},
	Mrnumber = {3683461},
	Mrreviewer = {Andrea Colesanti},
	Number = {11-12},
	Pages = {1806--1829},
	Title = {On the structure of sets with positive reach},
	Url = {https://doi.org/10.1002/mana.201600237},
	Volume = {290},
	Year = {2017},
	Bdsk-Url-1 = {https://doi.org/10.1002/mana.201600237}}

@article{FL,
	Author = {Foertsch, T. and Lytchak, A.},
	Coden = {GFANFB},
	Fjournal = {Geometric and Functional Analysis},
	Issn = {1016-443X},
	Journal = {Geom. Funct. Anal.},
	Mrclass = {53C23},
	Mrnumber = {MR2399098},
	Number = {1},
	Pages = {120--143},
	Title = {The de {R}ham decomposition theorem for metric spaces},
	Volume = {18},
	Year = {2008}}

@article{LaSt,
	Author = {Lange, Christian and Stadler, Stephan},
	Doi = {10.1007/s00209-017-1959-z},
	Fjournal = {Mathematische Zeitschrift},
	Issn = {0025-5874},
	Journal = {Math. Z.},
	Mrclass = {51F99 (28C99 53C20)},
	Mrnumber = {3803798},
	Mrreviewer = {Marc Troyanov},
	Number = {1-2},
	Pages = {455--469},
	Title = {Affine functions on {A}lexandrov spaces},
	Url = {https://doi.org/10.1007/s00209-017-1959-z},
	Volume = {289},
	Year = {2018},
	Bdsk-Url-1 = {https://doi.org/10.1007/s00209-017-1959-z}}

@article{Thorb,
	Author = {Lytchak, Alexander and Thorbergsson, Gudlaugur},
	Fjournal = {Journal of Differential Geometry},
	Issn = {0022-040X},
	Journal = {J. Differential Geom.},
	Mrclass = {53C20 (53C12 57R18)},
	Mrnumber = {2719410},
	Mrreviewer = {James J. Hebda},
	Number = {1},
	Pages = {117--139},
	Title = {Curvature explosion in quotients and applications},
	Url = {http://projecteuclid.org/euclid.jdg/1284557927},
	Volume = {85},
	Year = {2010},
	Bdsk-Url-1 = {http://projecteuclid.org/euclid.jdg/1284557927}}

@article{Lyt-buildings,
	Author = {Lytchak, A.},
	Date-Modified = {2020-09-29 20:02:33 -0400},
	Doi = {10.1007/s00039-005-0519-6},
	Fjournal = {Geometric and Functional Analysis},
	Issn = {1016-443X},
	Journal = {Geom. Funct. Anal.},
	Mrclass = {53C24},
	Mrnumber = {2221148},
	Mrreviewer = {Koichi Nagano},
	Number = {3},
	Pages = {720--752},
	Title = {Rigidity of spherical buildings and joins},
	Url = {https://doi.org/10.1007/s00039-005-0519-6},
	Volume = {15},
	Year = {2005},
	Bdsk-Url-1 = {https://doi.org/10.1007/s00039-005-0519-6}}

@article{GG,
	Author = {Gromoll, Detlef and Grove, Karsten},
	Fjournal = {Annales Scientifiques de l'\'{E}cole Normale Sup\'{e}rieure. Quatri\`eme S\'{e}rie},
	Issn = {0012-9593},
	Journal = {Ann. Sci. \'{E}cole Norm. Sup. (4)},
	Mrclass = {53C20},
	Mrnumber = {911756},
	Mrreviewer = {Viktor Schroeder},
	Number = {2},
	Pages = {227--239},
	Title = {A generalization of {B}erger's rigidity theorem for positively curved manifolds},
	Url = {http://www.numdam.org/item?id=ASENS_1987_4_20_2_227_0},
	Volume = {20},
	Year = {1987},
	Bdsk-Url-1 = {http://www.numdam.org/item?id=ASENS_1987_4_20_2_227_0}}

@article{Berest2,
	Author = {Berestovskii, V. N.},
	Day = {01},
	Doi = {10.1007/BF00973842},
	Issn = {1573-9260},
	Journal = {Siberian Mathematical Journal},
	Month = {Jul},
	Number = {4},
	Pages = {552--562},
	Title = {Submetries of space-forms of negative curvature},
	Url = {https://doi.org/10.1007/BF00973842},
	Volume = {28},
	Year = {1987},
	Bdsk-Url-1 = {https://doi.org/10.1007/BF00973842}}

@article{diff,
	Author = {Lytchak, A.},
	Doi = {10.1090/S1061-0022-05-00888-5},
	Fjournal = {Rossi\u{\i}skaya Akademiya Nauk. Algebra i Analiz},
	Issn = {0234-0852},
	Journal = {Algebra i Analiz},
	Mrclass = {53C20 (53C23 54E35)},
	Mrnumber = {2117451},
	Mrreviewer = {Koichi Nagano},
	Number = {6},
	Pages = {128--161},
	Title = {Differentiation in metric spaces},
	Url = {https://doi.org/10.1090/S1061-0022-05-00888-5},
	Volume = {16},
	Year = {2004},
	Bdsk-Url-1 = {https://doi.org/10.1090/S1061-0022-05-00888-5}}

@article{Harvey,
	Author = {Harvey, J. and Searle, C.},
	Doi = {10.1007/s12220-016-9734-7},
	Fjournal = {Journal of Geometric Analysis},
	Issn = {1050-6926},
	Journal = {J. Geom. Anal.},
	Mrclass = {53C23 (53C20 57S25)},
	Mrnumber = {3625167},
	Mrreviewer = {Fernando Galaz-Garc\'{i}a},
	Number = {2},
	Pages = {1636--1666},
	Title = {Orientation and symmetries of {A}lexandrov spaces with applications in positive curvature},
	Url = {https://doi.org/10.1007/s12220-016-9734-7},
	Volume = {27},
	Year = {2017},
	Bdsk-Url-1 = {https://doi.org/10.1007/s12220-016-9734-7}}

@article{Guijarro-2,
	Author = {Galaz-Garcia, F. and Guijarro, L.},
	Doi = {10.1112/blms/bds101},
	Fjournal = {Bulletin of the London Mathematical Society},
	Issn = {0024-6093},
	Journal = {Bull. Lond. Math. Soc.},
	Mrclass = {53C23 (53C20)},
	Mrnumber = {3065026},
	Mrreviewer = {Wen-Haw Chen},
	Number = {3},
	Pages = {567--579},
	Title = {Isometry groups of {A}lexandrov spaces},
	Url = {https://doi.org/10.1112/blms/bds101},
	Volume = {45},
	Year = {2013},
	Bdsk-Url-1 = {https://doi.org/10.1112/blms/bds101}}

@article{Lyt-open,
	Author = {Lytchak, A.},
	Doi = {10.1090/S1061-0022-06-00916-2},
	Fjournal = {Rossi\u{\i}skaya Akademiya Nauk. Algebra i Analiz},
	Issn = {0234-0852},
	Journal = {Algebra i Analiz},
	Mrclass = {53C23 (49J53 53C20)},
	Mrnumber = {2167848},
	Mrreviewer = {Koichi Nagano},
	Number = {3},
	Pages = {139--159},
	Title = {Open map theorem for metric spaces},
	Url = {https://doi.org/10.1090/S1061-0022-06-00916-2},
	Volume = {17},
	Year = {2005},
	Bdsk-Url-1 = {https://doi.org/10.1090/S1061-0022-06-00916-2}}

@book{Bredon,
	Author = {Bredon, G.},
	Mrclass = {57E15},
	Mrnumber = {0413144},
	Mrreviewer = {P. Y. Wang},
	Note = {Pure and Applied Mathematics, Vol. 46},
	Pages = {xiii+459},
	Publisher = {Academic Press, New York-London},
	Title = {Introduction to compact transformation groups},
	Year = {1972}}

@article{Pet-Per,
	Author = {Perelman, G. Ya. and Petrunin, A. M.},
	Fjournal = {Rossi\u{\i}skaya Akademiya Nauk. Algebra i Analiz},
	Issn = {0234-0852},
	Journal = {Algebra i Analiz},
	Mrclass = {53C23 (57N80 58E05)},
	Mrnumber = {1220499},
	Mrreviewer = {Tadeusz Januszkiewicz},
	Number = {1},
	Pages = {242--256},
	Title = {Extremal subsets in {A}leksandrov spaces and the generalized {L}iberman theorem},
	Volume = {5},
	Year = {1993}}

@article{Ge-Rad,
	Author = {Ge, J. and Radeschi, M.},
	Doi = {10.1007/s00208-015-1172-5},
	Fjournal = {Mathematische Annalen},
	Issn = {0025-5831},
	Journal = {Math. Ann.},
	Mrclass = {57R30 (53C24 57R55 57R60)},
	Mrnumber = {3394388},
	Mrreviewer = {Miguel Dom\'{i}nguez-V\'{a}zquez},
	Number = {1-2},
	Pages = {525--548},
	Title = {Differentiable classification of 4-manifolds with singular {R}iemannian foliations},
	Url = {https://doi.org/10.1007/s00208-015-1172-5},
	Volume = {363},
	Year = {2015},
	Bdsk-Url-1 = {https://doi.org/10.1007/s00208-015-1172-5}}

@article{Mondino,
	Author = {Galaz-Garc\'{i}a, F. and Kell, M. and Mondino, A. and Sosa, G.},
	Doi = {10.1016/j.jfa.2018.06.002},
	Fjournal = {Journal of Functional Analysis},
	Issn = {0022-1236},
	Journal = {J. Funct. Anal.},
	Mrclass = {53C21 (53C23)},
	Mrnumber = {3820328},
	Mrreviewer = {Guanghan Li},
	Number = {6},
	Pages = {1368--1446},
	Title = {On quotients of spaces with {R}icci curvature bounded below},
	Url = {https://doi.org/10.1016/j.jfa.2018.06.002},
	Volume = {275},
	Year = {2018},
	Bdsk-Url-1 = {https://doi.org/10.1016/j.jfa.2018.06.002}}

@book{Molino,
	Author = {Molino, P.},
	Doi = {10.1007/978-1-4684-8670-4},
	Isbn = {0-8176-3370-7},
	Mrclass = {53C12 (57R30 58A35 58F18)},
	Mrnumber = {932463},
	Mrreviewer = {James J. Hebda},
	Note = {Translated from the French by Grant Cairns, With appendices by Cairns, Y. Carri\`ere, \'{E}. Ghys, E. Salem and V. Sergiescu},
	Pages = {xii+339},
	Publisher = {Birkh\"{a}user Boston, Inc., Boston, MA},
	Series = {Progress in Mathematics},
	Title = {Riemannian foliations},
	Url = {https://doi.org/10.1007/978-1-4684-8670-4},
	Volume = {73},
	Year = {1988},
	Bdsk-Url-1 = {https://doi.org/10.1007/978-1-4684-8670-4}}

@article{L-Rad,
	Author = {Lytchak, A. and Radeschi, M.},
	Doi = {10.1515/crelle-2016-0010},
	Fjournal = {Journal f\"{u}r die Reine und Angewandte Mathematik. [Crelle's Journal]},
	Issn = {0075-4102},
	Journal = {J. Reine Angew. Math.},
	Mrclass = {53C12 (37C85)},
	Mrnumber = {3871446},
	Pages = {265--273},
	Title = {Algebraic nature of singular {R}iemannian foliations in spheres},
	Url = {https://doi.org/10.1515/crelle-2016-0010},
	Volume = {744},
	Year = {2018},
	Bdsk-Url-1 = {https://doi.org/10.1515/crelle-2016-0010}}

@article{Fer-Rad,
	Author = {Galaz-Garcia, F. and Radeschi, M.},
	Doi = {10.1112/jtopol/jtv004},
	Fjournal = {Journal of Topology},
	Issn = {1753-8416},
	Journal = {J. Topol.},
	Mrclass = {53C12 (53C20 57R30)},
	Mrnumber = {3394310},
	Mrreviewer = {Fida Mikhail El Chami},
	Number = {3},
	Pages = {603--620},
	Title = {Singular {R}iemannian foliations and applications to positive and non-negative curvature},
	Url = {https://doi.org/10.1112/jtopol/jtv004},
	Volume = {8},
	Year = {2015},
	Bdsk-Url-1 = {https://doi.org/10.1112/jtopol/jtv004}}

@article{Guijarro,
	Author = {Guijarro, L. and Walschap, G.},
	Doi = {10.4171/RMI/648},
	Fjournal = {Revista Matem\'{a}tica Iberoamericana},
	Issn = {0213-2230},
	Journal = {Rev. Mat. Iberoam.},
	Mrclass = {53C23},
	Mrnumber = {2848532},
	Mrreviewer = {Jeremy T. Tyson},
	Number = {2},
	Pages = {605--619},
	Title = {Submetries vs. submersions},
	Url = {https://doi.org/10.4171/RMI/648},
	Volume = {27},
	Year = {2011},
	Bdsk-Url-1 = {https://doi.org/10.4171/RMI/648}}

@article{Berest,
	Author = {Berestovskii, V. N. and Guijarro, L.},
	Doi = {10.1023/A:1006683922481},
	Fjournal = {Annals of Global Analysis and Geometry},
	Issn = {0232-704X},
	Journal = {Ann. Global Anal. Geom.},
	Mrclass = {53C20 (53C21)},
	Mrnumber = {1800594},
	Mrreviewer = {Krishnan Shankar},
	Number = {6},
	Pages = {577--588},
	Title = {A metric characterization of {R}iemannian submersions},
	Url = {https://doi.org/10.1023/A:1006683922481},
	Volume = {18},
	Year = {2000},
	Bdsk-Url-1 = {https://doi.org/10.1023/A:1006683922481}}

@article{Grovesubmet,
	Author = {Chen, Xiaoyang and Grove, Karsten},
	Doi = {10.1016/j.aim.2015.11.031},
	Fjournal = {Advances in Mathematics},
	Issn = {0001-8708},
	Journal = {Adv. Math.},
	Mrclass = {53C20 (53C12 53C23 53C24)},
	Mrnumber = {3439699},
	Mrreviewer = {Harish Seshadri},
	Pages = {784--796},
	Title = {Rigidity theorems for submetries in positive curvature},
	Url = {https://doi.org/10.1016/j.aim.2015.11.031},
	Volume = {289},
	Year = {2016},
	Bdsk-Url-1 = {https://doi.org/10.1016/j.aim.2015.11.031}}

@article{Wilking,
	Author = {Wilking, B.},
	Doi = {10.1007/s00039-007-0620-0},
	Fjournal = {Geometric and Functional Analysis},
	Issn = {1016-443X},
	Journal = {Geom. Funct. Anal.},
	Mrclass = {53C12 (53C21 53C22 53C24)},
	Mrnumber = {2373019},
	Mrreviewer = {Luis Guijarro},
	Number = {4},
	Pages = {1297--1320},
	Title = {A duality theorem for {R}iemannian foliations in nonnegative sectional curvature},
	Url = {https://doi.org/10.1007/s00039-007-0620-0},
	Volume = {17},
	Year = {2007},
	Bdsk-Url-1 = {https://doi.org/10.1007/s00039-007-0620-0}}

@article{Al-RadI,
	Author = {Alexandrino, M. and Radeschi, M.},
	Doi = {10.1007/s00031-016-9386-5},
	Fjournal = {Transformation Groups},
	Issn = {1083-4362},
	Journal = {Transform. Groups},
	Mrclass = {57S20 (53C12 57R30 57S10)},
	Mrnumber = {3620764},
	Mrreviewer = {Robert A. Wolak},
	Number = {1},
	Pages = {1--27},
	Title = {Smoothness of isometric flows on orbit spaces and applications},
	Url = {https://doi.org/10.1007/s00031-016-9386-5},
	Volume = {22},
	Year = {2017},
	Bdsk-Url-1 = {https://doi.org/10.1007/s00031-016-9386-5}}

@article{AGS2,
	Author = {Ambrosio, Luigi and Gigli, Nicola and Savar\'{e}, Giuseppe},
	Doi = {10.1214/14-AOP907},
	Fjournal = {The Annals of Probability},
	Issn = {0091-1798},
	Journal = {Ann. Probab.},
	Mrclass = {49Q20 (30L99 47D07 60J35)},
	Mrnumber = {3298475},
	Mrreviewer = {Andrew Bucki},
	Number = {1},
	Pages = {339--404},
	Title = {Bakry-\'{E}mery curvature-dimension condition and {R}iemannian {R}icci curvature bounds},
	Url = {https://doi.org/10.1214/14-AOP907},
	Volume = {43},
	Year = {2015},
	Bdsk-Url-1 = {https://doi.org/10.1214/14-AOP907}}

@incollection{Petrunin-semi,
	Author = {Petrunin, A.},
	Booktitle = {Surveys in differential geometry. {V}ol. {XI}},
	Doi = {10.4310/SDG.2006.v11.n1.a6},
	Mrclass = {53C21 (53C20 53C45 58E05)},
	Mrnumber = {2408266},
	Mrreviewer = {Jeremy Wong},
	Pages = {137--201},
	Publisher = {Int. Press, Somerville, MA},
	Series = {Surv. Differ. Geom.},
	Title = {Semiconcave functions in {A}lexandrov's geometry},
	Url = {https://doi.org/10.4310/SDG.2006.v11.n1.a6},
	Volume = {11},
	Year = {2007},
	Bdsk-Url-1 = {https://doi.org/10.4310/SDG.2006.v11.n1.a6}}

@article{Mendes-Rad-slice,
	Author = {Mendes, Ricardo A. E. and Radeschi, Marco},
	Doi = {10.1090/tran/7502},
	Fjournal = {Transactions of the American Mathematical Society},
	Issn = {0002-9947},
	Journal = {Trans. Amer. Math. Soc.},
	Mrclass = {53C12 (58C25)},
	Mrnumber = {3934473},
	Mrreviewer = {Chao Qian},
	Number = {7},
	Pages = {4931--4949},
	Title = {A slice theorem for singular {R}iemannian foliations, with applications},
	Url = {https://doi.org/10.1090/tran/7502},
	Volume = {371},
	Year = {2019},
	Bdsk-Url-1 = {https://doi.org/10.1090/tran/7502}}

@article{Mendes-Rad2,
	Author = {Mendes, R. and Radeschi, M.},
	Journal = {Trasnformation Groups},
	Pages = {251--277},
	Title = {Singular {Riemannian} foliations and their quadratic basic polynomials},
	Volume = {25},
	Year = {2020}}

@article{Mendes-Rad,
	Author = {Mendes, R. and Radeschi, M.},
	Journal = {Geom. Funct. Anal.},
	Title = {Laplacian algebras, manifold submetries and the Inverse Invariant Theory Problem},
	Year = {2020}}

@article{P2,
	Author = {G. Perelman},
	Journal = {preprint},
	Title = {{A. D. Alexandrov} spaces with curvature bounded below {II}},
	Year = {1991}}

@article{Lange,
	Author = {C. Lange},
	Journal = {arXiv: 1801.03472},
	Title = {Orbifolds from a metric viewpoint},
	Year = {2018}}

@article{Rajala-Sturm,
	Author = {Rajala, T. and Sturm, K.},
	Doi = {10.1007/s00526-013-0657-x},
	Fjournal = {Calculus of Variations and Partial Differential Equations},
	Issn = {0944-2669},
	Journal = {Calc. Var. Partial Differential Equations},
	Mrclass = {53C23 (49Q20)},
	Mrnumber = {3216835},
	Mrreviewer = {Nicolas Juillet},
	Number = {3-4},
	Pages = {831--846},
	Title = {Non-branching geodesics and optimal maps in strong {$CD(K,\infty)$}-spaces},
	Url = {https://doi.org/10.1007/s00526-013-0657-x},
	Volume = {50},
	Year = {2014},
	Bdsk-Url-1 = {https://doi.org/10.1007/s00526-013-0657-x}}

@article{Ji14,
	Author = {Jiang, R.},
	Doi = {10.1016/j.jfa.2013.11.022},
	Fjournal = {Journal of Functional Analysis},
	Issn = {0022-1236},
	Journal = {J. Funct. Anal.},
	Mrclass = {53C23 (31A05 35A23 35B65 35J25)},
	Mrnumber = {3146820},
	Mrreviewer = {D. E. Tepper},
	Number = {3},
	Pages = {1373--1394},
	Title = {Cheeger-harmonic functions in metric measure spaces revisited},
	Url = {https://doi.org/10.1016/j.jfa.2013.11.022},
	Volume = {266},
	Year = {2014},
	Bdsk-Url-1 = {https://doi.org/10.1016/j.jfa.2013.11.022}}

@article{KosShan,
	Author = {Koskela, Pekka and Rajala, Kai and Shanmugalingam, Nageswari},
	Doi = {10.1016/S0022-1236(02)00090-3},
	Fjournal = {Journal of Functional Analysis},
	Issn = {0022-1236},
	Journal = {J. Funct. Anal.},
	Mrclass = {31C25 (31B05 35B05 35B45)},
	Mrnumber = {1994768},
	Mrreviewer = {D. E. Tepper},
	Number = {1},
	Pages = {147--173},
	Title = {Lipschitz continuity of {C}heeger-harmonic functions in metric measure spaces},
	Url = {https://doi.org/10.1016/S0022-1236(02)00090-3},
	Volume = {202},
	Year = {2003},
	Bdsk-Url-1 = {https://doi.org/10.1016/S0022-1236(02)00090-3}}

@incollection{ACD,
	Author = {Ambrosio, L. and Colombo, M. and Di Marino, S.},
	Booktitle = {Variational methods for evolving objects},
	Mrclass = {46E30 (49J52 49J53 58J35)},
	Mrnumber = {3587446},
	Mrreviewer = {Adele Ferone},
	Pages = {1--58},
	Publisher = {Math. Soc. Japan, [Tokyo]},
	Series = {Adv. Stud. Pure Math.},
	Title = {Sobolev spaces in metric measure spaces: reflexivity and lower semicontinuity of slope},
	Volume = {67},
	Year = {2015}}

@book{Hein,
	Author = {Heinonen, J.},
	Doi = {10.1007/978-1-4613-0131-8},
	Isbn = {0-387-95104-0},
	Mrclass = {30C65 (28A75 28A78 46E35)},
	Mrnumber = {1800917},
	Mrreviewer = {Christopher Bishop},
	Pages = {x+140},
	Publisher = {Springer-Verlag, New York},
	Series = {Universitext},
	Title = {Lectures on analysis on metric spaces},
	Url = {https://doi.org/10.1007/978-1-4613-0131-8},
	Year = {2001},
	Bdsk-Url-1 = {https://doi.org/10.1007/978-1-4613-0131-8}}

@book{Federer,
	Author = {Federer, H.},
	Mrclass = {28.80 (26.00)},
	Mrnumber = {0257325},
	Mrreviewer = {J. E. Brothers},
	Pages = {xiv+676},
	Publisher = {Springer-Verlag New York Inc., New York},
	Series = {Die Grundlehren der mathematischen Wissenschaften, Band 153},
	Title = {Geometric measure theory},
	Year = {1969}}

@article{AGD,
	Author = {Ambrosio, Luigi and Di Marino, Simone and Gigli, Nicola},
	Doi = {10.1016/j.na.2016.03.010},
	Fjournal = {Nonlinear Analysis. Theory, Methods \& Applications. An International Multidisciplinary Journal},
	Issn = {0362-546X},
	Journal = {Nonlinear Anal.},
	Mrclass = {49Q20 (46E30)},
	Mrnumber = {3614662},
	Mrreviewer = {Jan M\"{u}ller},
	Pages = {78--88},
	Title = {Perimeter as relaxed {M}inkowski content in metric measure spaces},
	Url = {https://doi.org/10.1016/j.na.2016.03.010},
	Volume = {153},
	Year = {2017},
	Bdsk-Url-1 = {https://doi.org/10.1016/j.na.2016.03.010}}

@article{Herron,
	Author = {Herron, D.},
	Doi = {10.1007/s41478-016-0001-x},
	Fjournal = {The Journal of Analysis},
	Issn = {0971-3611},
	Journal = {J. Anal.},
	Mrclass = {51F99 (30C65 30L05)},
	Mrnumber = {3755806},
	Mrreviewer = {David Matthew Freeman},
	Number = {1},
	Pages = {1--38},
	Title = {Gromov-{H}ausdorff distance for pointed metric spaces},
	Url = {https://doi.org/10.1007/s41478-016-0001-x},
	Volume = {24},
	Year = {2016},
	Bdsk-Url-1 = {https://doi.org/10.1007/s41478-016-0001-x}}

@article{Ketterer,
	Author = {Ketterer, C.},
	Doi = {10.1016/j.matpur.2014.10.011},
	Fjournal = {Journal de Math\'{e}matiques Pures et Appliqu\'{e}es. Neuvi\`eme S\'{e}rie},
	Issn = {0021-7824},
	Journal = {J. Math. Pures Appl. (9)},
	Mrclass = {53C23 (53C21)},
	Mrnumber = {3333056},
	Mrreviewer = {Bo Dai},
	Number = {5},
	Pages = {1228--1275},
	Title = {Cones over metric measure spaces and the maximal diameter theorem},
	Url = {https://doi.org/10.1016/j.matpur.2014.10.011},
	Volume = {103},
	Year = {2015},
	Bdsk-Url-1 = {https://doi.org/10.1016/j.matpur.2014.10.011}}

@article{Villani,
	Author = {Villani, C\'{e}dric},
	Doi = {10.1007/s11537-016-1531-3},
	Fjournal = {Japanese Journal of Mathematics},
	Issn = {0289-2316},
	Journal = {Jpn. J. Math.},
	Mrclass = {53B21 (49Q20)},
	Mrnumber = {3544918},
	Mrreviewer = {Mikhail G. Katz},
	Number = {2},
	Pages = {219--263},
	Title = {Synthetic theory of {R}icci curvature bounds},
	Url = {https://doi.org/10.1007/s11537-016-1531-3},
	Volume = {11},
	Year = {2016},
	Bdsk-Url-1 = {https://doi.org/10.1007/s11537-016-1531-3}}

@article{Gigli-ncm,
	Author = {Gigli, N.},
	Doi = {10.1090/memo/1196},
	Fjournal = {Memoirs of the American Mathematical Society},
	Isbn = {978-1-4704-2765-8; 978-1-4704-4266-8},
	Issn = {0065-9266},
	Journal = {Mem. Amer. Math. Soc.},
	Mrclass = {49J52 (46E25 53C23)},
	Mrnumber = {3756920},
	Number = {1196},
	Pages = {v+161},
	Title = {Nonsmooth differential geometry---an approach tailored for spaces with {R}icci curvature bounded from below},
	Url = {https://doi.org/10.1090/memo/1196},
	Volume = {251},
	Year = {2018},
	Bdsk-Url-1 = {https://doi.org/10.1090/memo/1196}}

@article{Gigli-memoirs,
	Author = {Gigli, N.},
	Doi = {10.1090/memo/1113},
	Fjournal = {Memoirs of the American Mathematical Society},
	Isbn = {978-1-4704-1420-7},
	Issn = {0065-9266},
	Journal = {Mem. Amer. Math. Soc.},
	Mrclass = {53C23 (30L05 30L10 49Q15 58C20)},
	Mrnumber = {3381131},
	Mrreviewer = {Davide Vittone},
	Number = {1113},
	Pages = {vi+91},
	Title = {On the differential structure of metric measure spaces and applications},
	Url = {https://doi.org/10.1090/memo/1113},
	Volume = {236},
	Year = {2015},
	Bdsk-Url-1 = {https://doi.org/10.1090/memo/1113}}

@article{Volumerig,
	Author = {De Philippis, G. and Gigli, N.},
	Doi = {10.1007/s00039-016-0391-6},
	Fjournal = {Geometric and Functional Analysis},
	Issn = {1016-443X},
	Journal = {Geom. Funct. Anal.},
	Mrclass = {53C23},
	Mrnumber = {3579705},
	Mrreviewer = {Huaiqian Li},
	Number = {6},
	Pages = {1526--1587},
	Title = {From volume cone to metric cone in the nonsmooth setting},
	Url = {https://doi.org/10.1007/s00039-016-0391-6},
	Volume = {26},
	Year = {2016},
	Bdsk-Url-1 = {https://doi.org/10.1007/s00039-016-0391-6}}

@article{local,
	Author = {Ambrosio, L. and Mondino, A. and Savar\'{e}, G.},
	Doi = {10.1007/s12220-014-9537-7},
	Fjournal = {Journal of Geometric Analysis},
	Issn = {1050-6926},
	Journal = {J. Geom. Anal.},
	Mrclass = {53C23 (31C25 35K05 35K90 58J35)},
	Mrnumber = {3441502},
	Mrreviewer = {Nelia Charalambous},
	Number = {1},
	Pages = {24--56},
	Title = {On the {B}akry-\'{E}mery condition, the gradient estimates and the local-to-global property of {${RCD}^*(K,N)$} metric measure spaces},
	Url = {https://doi.org/10.1007/s12220-014-9537-7},
	Volume = {26},
	Year = {2016},
	Bdsk-Url-1 = {https://doi.org/10.1007/s12220-014-9537-7}}

@article{AGS,
	Author = {Ambrosio, L. and Gigli, N. and Savar\'{e}, G.},
	Doi = {10.1215/00127094-2681605},
	Fjournal = {Duke Mathematical Journal},
	Issn = {0012-7094},
	Journal = {Duke Math. J.},
	Mrclass = {35R01 (60J45 60J65)},
	Mrnumber = {3205729},
	Number = {7},
	Pages = {1405--1490},
	Title = {Metric measure spaces with {R}iemannian {R}icci curvature bounded from below},
	Url = {https://doi.org/10.1215/00127094-2681605},
	Volume = {163},
	Year = {2014},
	Bdsk-Url-1 = {https://doi.org/10.1215/00127094-2681605}}

@book{HKST,
	Author = {Heinonen, J. and Koskela, P. and Shanmugalingam, N. and Tyson, J.},
	Publisher = {Cambridge University Press, Cambridge},
	Series = {New Mathematical Monographs},
	Title = {Sobolev spaces on metric measure spaces},
	Volume = {27},
	Year = {2015}}

@article{HK,
	Author = {Heinonen, J. and Koskela, P.},
	Doi = {10.1007/BF02392747},
	Fjournal = {Acta Mathematica},
	Issn = {0001-5962},
	Journal = {Acta Math.},
	Mrclass = {30C65 (46E99)},
	Mrnumber = {1654771},
	Mrreviewer = {M. Yu. Vasil\cprime chik},
	Number = {1},
	Pages = {1--61},
	Title = {Quasiconformal maps in metric spaces with controlled geometry},
	Url = {https://doi.org/10.1007/BF02392747},
	Volume = {181},
	Year = {1998},
	Bdsk-Url-1 = {https://doi.org/10.1007/BF02392747}}

@article{Koskela,
	Author = {Koskela, P. and MacManus, P.},
	Fjournal = {Studia Mathematica},
	Issn = {0039-3223},
	Journal = {Studia Math.},
	Mrclass = {46E35 (30C65)},
	Mrnumber = {1628655},
	Mrreviewer = {M. Yu. Vasil\cprime chik},
	Number = {1},
	Pages = {1--17},
	Title = {Quasiconformal mappings and {S}obolev spaces},
	Volume = {131},
	Year = {1998}}

@article{Shan,
	Author = {Heinonen, J. and Koskela, P. and Shanmugalingam, N. and Tyson, J.},
	Doi = {10.1007/BF02788076},
	Fjournal = {Journal d'Analyse Math\'ematique},
	Issn = {0021-7670},
	Journal = {J. Anal. Math.},
	Mrclass = {46E40 (30C65 46E35)},
	Mrnumber = {1869604},
	Mrreviewer = {Shusen Ding},
	Pages = {87--139},
	Title = {Sobolev classes of {B}anach space-valued functions and quasiconformal mappings},
	Url = {https://doi.org/10.1007/BF02788076},
	Volume = {85},
	Year = {2001},
	Bdsk-Url-1 = {https://doi.org/10.1007/BF02788076}}

@article{Petruninpar,
	Author = {Petrunin, A.},
	Doi = {10.1007/s000390050050},
	Fjournal = {Geometric and Functional Analysis},
	Issn = {1016-443X},
	Journal = {Geom. Funct. Anal.},
	Mrclass = {53C23},
	Mrnumber = {1601854},
	Mrreviewer = {Takashi Shioya},
	Number = {1},
	Pages = {123--148},
	Title = {Parallel transportation for {A}lexandrov space with curvature bounded below},
	Url = {https://doi.org/10.1007/s000390050050},
	Volume = {8},
	Year = {1998},
	Bdsk-Url-1 = {https://doi.org/10.1007/s000390050050}}

@article{Petrunincomplete,
	Author = {Petrunin, A.},
	Doi = {10.1007/s00208-015-1295-8},
	Fjournal = {Mathematische Annalen},
	Issn = {0025-5831},
	Journal = {Math. Ann.},
	Mrclass = {53C23 (53C22)},
	Mrnumber = {3552243},
	Mrreviewer = {Pavel D. Andreev},
	Number = {1-2},
	Pages = {387--393},
	Title = {A globalization for non-complete but geodesic spaces},
	Url = {https://doi.org/10.1007/s00208-015-1295-8},
	Volume = {366},
	Year = {2016},
	Bdsk-Url-1 = {https://doi.org/10.1007/s00208-015-1295-8}}

@article{Per-DC,
	Author = {G. Perelman},
	Date-Modified = {2020-09-29 20:01:38 -0400},
	Journal = {preprint, preliminary version},
	Title = {{DC}-structures on {Alexandrov} spaces},
	Year = {1994}}

@incollection{Kap,
	Author = {Kapovitch, V.},
	Booktitle = {Surveys in differential geometry. {V}ol. {XI}},
	Doi = {10.4310/SDG.2006.v11.n1.a5},
	Mrclass = {53C23 (53C20 53C21)},
	Mrnumber = {2408265},
	Mrreviewer = {Yu Ding},
	Pages = {103-136},
	Publisher = {Int. Press, Somerville, MA},
	Title = {Perelman's stability theorem},
	Url = {http://dx.doi.org/10.4310/SDG.2006.v11.n1.a5},
	Year = {2007},
	Bdsk-Url-1 = {http://dx.doi.org/10.4310/SDG.2006.v11.n1.a5}}

@book{AR,
	Author = {Alexandrov, A. D. and Reshetnyak, Yu. G.},
	Isbn = {90-277-2811-9},
	Mrclass = {53A04},
	Mrnumber = {1117220},
	Mrreviewer = {W. J. Firey},
	Note = {Translated from the Russian by L. Ya. Yuzina},
	Pages = {x+288},
	Publisher = {Kluwer Academic Publishers Group, Dordrecht},
	Series = {Mathematics and its Applications (Soviet Series)},
	Title = {General theory of irregular curves},
	Url = {https://doi.org/10.1007/978-94-009-2591-5},
	Volume = {29},
	Year = {1989},
	Bdsk-Url-1 = {https://doi.org/10.1007/978-94-009-2591-5}}

@incollection{Reshetnyak-GeomIV,
	Author = {Reshetnyak, Yu. G.},
	Booktitle = {Geometry, {IV}},
	Doi = {10.1007/978-3-662-02897-1_1},
	Mrclass = {53C20 (53C21)},
	Mrnumber = {1263964},
	Pages = {3--163},
	Publisher = {Springer, Berlin},
	Series = {Encyclopaedia Math. Sci.},
	Title = {Two-dimensional manifolds of bounded curvature},
	Url = {http://dx.doi.org/10.1007/978-3-662-02897-1_1},
	Volume = {70},
	Year = {1993},
	Bdsk-Url-1 = {http://dx.doi.org/10.1007/978-3-662-02897-1_1}}

@article{OS,
	Author = {Otsu, Y. and Shioya, T.},
	Coden = {JDGEAS},
	Fjournal = {Journal of Differential Geometry},
	Issn = {0022-040X},
	Journal = {J. Differential Geom.},
	Mrclass = {53C23 (53C20)},
	Mrnumber = {1274133},
	Mrreviewer = {Zhongmin Shen},
	Number = {3},
	Pages = {629--658},
	Title = {The {R}iemannian structure of {A}lexandrov spaces},
	Url = {http://projecteuclid.org/euclid.jdg/1214455075},
	Volume = {39},
	Year = {1994},
	Bdsk-Url-1 = {http://projecteuclid.org/euclid.jdg/1214455075}}

@article{BGP,
	Author = {Burago, Yu. and Gromov, M. and Perelman, G.},
	Doi = {10.1070/RM1992v047n02ABEH000877},
	Fjournal = {Rossi\u\i skaya Akademiya Nauk. Moskovskoe Matematicheskoe Obshchestvo. Uspekhi Matematicheskikh Nauk},
	Issn = {0042-1316},
	Journal = {Uspekhi Mat. Nauk},
	Mrclass = {53C21 (53C23)},
	Mrnumber = {1185284},
	Mrreviewer = {Tadeusz Januszkiewicz},
	Number = {2(284)},
	Pages = {3--51, 222},
	Title = {A. {D}. {A}leksandrov spaces with curvatures bounded below},
	Url = {http://dx.doi.org/10.1070/RM1992v047n02ABEH000877},
	Volume = {47},
	Year = {1992},
	Bdsk-Url-1 = {http://dx.doi.org/10.1070/RM1992v047n02ABEH000877}}

@book{BH,
	Author = {Bridson, M. and Haefliger, A.},
	Doi = {10.1007/978-3-662-12494-9},
	Isbn = {3-540-64324-9},
	Mrclass = {53C23 (20F65 53C70 57M07)},
	Mrnumber = {1744486},
	Mrreviewer = {Athanase Papadopoulos},
	Pages = {xxii+643},
	Publisher = {Springer-Verlag, Berlin},
	Series = {Grundlehren der Mathematischen Wissenschaften},
	Title = {Metric spaces of non-positive curvature},
	Url = {http://dx.doi.org/10.1007/978-3-662-12494-9},
	Volume = {319},
	Year = {1999},
	Bdsk-Url-1 = {http://dx.doi.org/10.1007/978-3-662-12494-9}}

@book{BBI01,
	Author = {Burago, D. and Burago, Y. and Ivanov, S.},
	Isbn = {0-8218-2129-6},
	Mrclass = {53C23},
	Mrnumber = {1835418 (2002e:53053)},
	Mrreviewer = {Mario Bonk},
	Pages = {xiv+415},
	Publisher = {American Mathematical Society, Providence, RI},
	Series = {Graduate Studies in Mathematics},
	Title = {A course in metric geometry},
	Volume = {33},
	Year = {2001}}

@article{Sturm,
	Author = {Sturm, T},
	Doi = {10.1007/s11511-006-0003-7},
	Fjournal = {Acta Mathematica},
	Issn = {0001-5962},
	Journal = {Acta Math.},
	Mrclass = {53C23},
	Mrnumber = {2237207},
	Mrreviewer = {Juha Heinonen},
	Number = {1},
	Pages = {65--177},
	Title = {On the geometry of metric measure spaces. {I, II}},
	Url = {https://doi.org/10.1007/s11511-006-0003-7},
	Volume = {196},
	Year = {2006},
	Bdsk-Url-1 = {https://doi.org/10.1007/s11511-006-0003-7}}

@article{Lott,
	Author = {Lott, J. and Villani, C.},
	Doi = {10.4007/annals.2009.169.903},
	Fjournal = {Annals of Mathematics. Second Series},
	Issn = {0003-486X},
	Journal = {Ann. of Math. (2)},
	Mrclass = {53C23 (49Q15)},
	Mrnumber = {2480619},
	Mrreviewer = {Alessio Figalli},
	Number = {3},
	Pages = {903--991},
	Title = {Ricci curvature for metric-measure spaces via optimal transport},
	Url = {https://doi.org/10.4007/annals.2009.169.903},
	Volume = {169},
	Year = {2009},
	Bdsk-Url-1 = {https://doi.org/10.4007/annals.2009.169.903}}

@article{Petrunin,
	Author = {Petrunin, A.},
	Fjournal = {M\"unster Journal of Mathematics},
	Issn = {1867-5778},
	Journal = {M\"unster J. Math.},
	Mrclass = {53C23},
	Mrnumber = {2869253},
	Mrreviewer = {Asuka Takatsu},
	Pages = {53--64},
	Title = {Alexandrov meets {L}ott-{V}illani-{S}turm},
	Volume = {4},
	Year = {2011}}

@article{PP-quasi,
	Author = {Perelman, G. and Petrunin, A.},
	Journal = {Preprint},
	Title = {Quasigeodesics and gradient curves in Alexandrov spaces},
	Year = {1994}}



@article{Amb-Kir,
	Author = {Ambrosio, Luigi and Kirchheim, Bernd},
	Doi = {10.1007/s002080000122},
	Fjournal = {Mathematische Annalen},
	Issn = {0025-5831},
	Journal = {Math. Ann.},
	Mrclass = {28A75 (46G99 46T99 49Q20)},
	Mrnumber = {1800768},
	Mrreviewer = {Piotr Haj\l asz},
	Number = {3},
	Pages = {527--555},
	Title = {Rectifiable sets in metric and {B}anach spaces},
	Url = {https://doi.org/10.1007/s002080000122},
	Volume = {318},
	Year = {2000},
	Bdsk-Url-1 = {https://doi.org/10.1007/s002080000122}}

@article{Fuj,
	Author = {T. Fujioka},
	Journal = {Preprint, https://arxiv.org/abs/1905.05480},
	Title = {Regular points of extremal subsets in Alexandrov spaces},
	Year = {2019}}

@article{KLP,
	Author = {Kapovitch, V. and Lytchak, A. and Petrunin, A.},
	Journal = {Preprint: https://arxiv.org/abs/1705.04767},
	Title = {Metric-measure boundary and geodesic flow on Alexandrov spaces},
	Year = {2018}}

@article{Leb-Nep,
	Author = {Lebedeva, N. and Nepechiy, A.},
	Journal = {Preprint},
	Title = {Alexandrov regions},
	Year = {2020}}

@incollection{Andrews,
	Author = {Andrews, Ben},
	Booktitle = {Surveys in analysis and operator theory ({C}anberra, 2001)},
	Mrclass = {53C40 (58C15)},
	Mrnumber = {1953483},
	Mrreviewer = {J\"{u}rgen Eichhorn},
	Pages = {157--208},
	Publisher = {Austral. Nat. Univ., Canberra},
	Series = {Proc. Centre Math. Appl. Austral. Nat. Univ.},
	Title = {Notes on the isometric embedding problem and the {N}ash-{M}oser implicit function theorem},
	Volume = {40},
	Year = {2002}}

@article{Sabitov,
	Author = {Sabitov, I. H. and \v{S}efel, S. Z.},
	Fjournal = {Akademija Nauk SSSR. Sibirskoe Otdelenie. Sibirski\u{\i} Matemati\v{c}eski\u{\i} \v{Z}urnal},
	Issn = {0037-4474},
	Journal = {Sibirsk. Mat. \v{Z}.},
	Mrclass = {53C45},
	Mrnumber = {0425855},
	Mrreviewer = {A. V. Pogorelov},
	Number = {4},
	Pages = {916--925},
	Title = {Connections between the order of smoothness of a surface and that of its metric},
	Volume = {17},
	Year = {1976}}

@article{KZ,
	Author = {DeTurck, Dennis M. and Kazdan, Jerry L.},
	Fjournal = {Annales Scientifiques de l'\'{E}cole Normale Sup\'{e}rieure. Quatri\`eme S\'{e}rie},
	Issn = {0012-9593},
	Journal = {Ann. Sci. \'{E}cole Norm. Sup. (4)},
	Mrclass = {53B21},
	Mrnumber = {644518},
	Mrreviewer = {V. W\"{u}nsch},
	Number = {3},
	Pages = {249--260},
	Title = {Some regularity theorems in {R}iemannian geometry},
	Url = {http://www.numdam.org/item?id=ASENS_1981_4_14_3_249_0},
	Volume = {14},
	Year = {1981},
	Bdsk-Url-1 = {http://www.numdam.org/item?id=ASENS_1981_4_14_3_249_0}}

@article{Peters,
	Author = {Peters, Stefan},
	Fjournal = {Compositio Mathematica},
	Issn = {0010-437X},
	Journal = {Compositio Math.},
	Mrclass = {53C20},
	Mrnumber = {892147},
	Mrreviewer = {Michael T. Anderson},
	Number = {1},
	Pages = {3--16},
	Title = {Convergence of {R}iemannian manifolds},
	Url = {http://www.numdam.org/item?id=CM_1987__62_1_3_0},
	Volume = {62},
	Year = {1987},
	Bdsk-Url-1 = {http://www.numdam.org/item?id=CM_1987__62_1_3_0}}

@article{Anderson,
	Author = {Anderson, Michael T.},
	Doi = {10.1007/BF01233434},
	Fjournal = {Inventiones Mathematicae},
	Issn = {0020-9910},
	Journal = {Invent. Math.},
	Mrclass = {53C23 (53C21 58D27)},
	Mrnumber = {1074481},
	Mrreviewer = {Gudlaugur Thorbergsson},
	Number = {2},
	Pages = {429--445},
	Title = {Convergence and rigidity of manifolds under {R}icci curvature bounds},
	Url = {https://doi.org/10.1007/BF01233434},
	Volume = {102},
	Year = {1990},
	Bdsk-Url-1 = {https://doi.org/10.1007/BF01233434}}

@article{ballmann,
	Author = {W. Ballmann},
	Journal = {Preprint, lecture notes, http://people.mpim-bonn.mpg.de/hwbllmnn/archiv/sin40827.pdf},
	Title = {On the geometry of metric spaces},
	Year = {2004}}

@article{Bangert,
	Author = {Bangert, Victor},
	Doi = {10.1007/BF01304757},
	Fjournal = {Archiv der Mathematik. Archives of Mathematics. Archives Math\'{e}matiques},
	Issn = {0003-889X},
	Journal = {Arch. Math. (Basel)},
	Mrclass = {53C20 (52A20)},
	Mrnumber = {646321},
	Mrreviewer = {V. T. Fomenko},
	Number = {1},
	Pages = {54--57},
	Title = {Sets with positive reach},
	Url = {https://doi.org/10.1007/BF01304757},
	Volume = {38},
	Year = {1982},
	Bdsk-Url-1 = {https://doi.org/10.1007/BF01304757}}

@article{Ly-conv,
	Author = {Lytchak, Alexander},
	Doi = {10.1007/s10711-005-5994-2},
	Fjournal = {Geometriae Dedicata},
	Issn = {0046-5755},
	Journal = {Geom. Dedicata},
	Mrclass = {53C20 (53C23)},
	Mrnumber = {2180048},
	Mrreviewer = {Koichi Nagano},
	Pages = {201--218},
	Title = {Almost convex subsets},
	Url = {https://doi.org/10.1007/s10711-005-5994-2},
	Volume = {115},
	Year = {2005},
	Bdsk-Url-1 = {https://doi.org/10.1007/s10711-005-5994-2}}

@article{Ly-reach,
	Author = {Lytchak, Alexander},
	Doi = {10.1007/s00229-004-0491-8},
	Fjournal = {Manuscripta Mathematica},
	Issn = {0025-2611},
	Journal = {Manuscripta Math.},
	Mrclass = {53C20 (53C23)},
	Mrnumber = {2098470},
	Mrreviewer = {Koichi Nagano},
	Number = {2},
	Pages = {199--205},
	Title = {On the geometry of subsets of positive reach},
	Url = {https://doi.org/10.1007/s00229-004-0491-8},
	Volume = {115},
	Year = {2004},
	Bdsk-Url-1 = {https://doi.org/10.1007/s00229-004-0491-8}}

@article{Ambrosio,
	Author = {Ambrosio, Luigi},
	Doi = {10.1007/s00229-004-0491-8},
	Mrnumber = {2098470},
	Mrreviewer = {Koichi Nagano},
	Pages = {301--340},
	Title = {Calculus, heat flow and curvature-dimension bounds in metric measure spaces},
	Url = {https://doi.org/10.1007/s00229-004-0491-8},
	Year = {2018},
	Bdsk-Url-1 = {https://doi.org/10.1007/s00229-004-0491-8}}

@article{LY,
	Author = {Lytchak, Alexander and Yaman, Asli},
	Doi = {10.1090/S0002-9947-06-04195-X},
	Fjournal = {Transactions of the American Mathematical Society},
	Issn = {0002-9947},
	Journal = {Trans. Amer. Math. Soc.},
	Mrclass = {53C22 (53C20 53C60)},
	Mrnumber = {2216252},
	Mrreviewer = {Igor V. Nikolaev},
	Number = {7},
	Pages = {2917--2926},
	Title = {On {H}\"{o}lder continuous {R}iemannian and {F}insler metrics},
	Url = {https://doi.org/10.1090/S0002-9947-06-04195-X},
	Volume = {358},
	Year = {2006},
	Bdsk-Url-1 = {https://doi.org/10.1090/S0002-9947-06-04195-X}}

@article{Calabi-Hartman,
	Author = {Calabi, Eugenio and Hartman, Philip},
	Fjournal = {Duke Mathematical Journal},
	Issn = {0012-7094},
	Journal = {Duke Math. J.},
	Mrclass = {53.74},
	Mrnumber = {283727},
	Mrreviewer = {N. J. Hicks},
	Pages = {741--750},
	Title = {On the smoothness of isometries},
	Url = {http://projecteuclid.org/euclid.dmj/1077379303},
	Volume = {37},
	Year = {1970},
	Bdsk-Url-1 = {http://projecteuclid.org/euclid.dmj/1077379303}}

@article{Rade,
	Author = {Radeschi, Marco},
	Doi = {10.1007/s00039-014-0304-5},
	Fjournal = {Geometric and Functional Analysis},
	Issn = {1016-443X},
	Journal = {Geom. Funct. Anal.},
	Mrclass = {53C12 (15A75 57R30)},
	Mrnumber = {3261638},
	Mrreviewer = {Gen-ichi Oshikiri},
	Number = {5},
	Pages = {1660--1682},
	Title = {Clifford algebras and new singular {R}iemannian foliations in spheres},
	Url = {https://doi.org/10.1007/s00039-014-0304-5},
	Volume = {24},
	Year = {2014},
	Bdsk-Url-1 = {https://doi.org/10.1007/s00039-014-0304-5}}
